Month,Region,Product_Category,Revenue,Marketing_Spend,Units_Sold,Sentiment_Score,Inventory_Turnover,Monthly_Active_Customers
2023-01,North America,Footwear,4370861.07,841859.08,35477,0.59,3.62,152275
2023-01,North America,Apparel,8795585.31,1232853.02,72806,0.73,3.08,972918
2023-01,North America,Accessories,8491983.77,695076.23,124547,0.64,5.1,488750
2023-01,North America,Equipment,3621062.26,513386.73,56623,0.61,4.17,429725
2023-01,Europe,Footwear,5104629.86,856436.39,72957,0.96,3.19,646790
2023-01,Europe,Apparel,2534717.11,151468.96,17494,0.74,6.86,827557
2023-01,Europe,Accessories,3741523.92,241892.58,31594,0.6,4.98,130949
2023-01,Europe,Equipment,9183883.62,815684.97,78999,0.68,4.25,568061
2023-01,Asia-Pacific,Footwear,5920392.51,460181.27,40286,0.72,6.69,179643
2023-01,Asia-Pacific,Apparel,2763845.76,156942.48,33487,0.79,4.55,344214
2023-01,Asia-Pacific,Accessories,8458637.58,875578.94,108314,0.59,6.21,167095
2023-01,Asia-Pacific,Equipment,9881982.43,1638795.51,141430,0.71,3.02,833915
2023-01,Latin America,Footwear,7361716.09,1173097.37,57908,0.68,3.46,876793
2023-01,Latin America,Apparel,6609683.14,658553.82,117284,0.64,4.24,392664
2023-01,Latin America,Accessories,7566455.61,1101930.33,54544,0.6,5.85,784706
2023-01,Latin America,Equipment,6051494.78,1002400.32,60892,0.69,5.09,484786
2023-01,Middle East & Africa,Footwear,1228772.14,81324.7,23122,0.56,5.03,916809
2023-01,Middle East & Africa,Apparel,3243630.06,361851.06,25834,0.8,3.92,169281
2023-01,Middle East & Africa,Accessories,3607763.08,267635.39,25234,0.75,6.49,823304
2023-01,Middle East & Africa,Equipment,2679130.53,492648.84,25777,0.82,6.23,906482
2023-02,North America,Footwear,3862031.27,256855.16,53054,0.83,6.44,106256
2023-02,North America,Apparel,5596725.72,630256.52,77505,0.67,3.48,403853
2023-02,North America,Accessories,9486187.34,934203.9,93112,0.61,6.89,966202
2023-02,North America,Equipment,3266040.66,406907.11,40780,0.84,4.14,133198
2023-02,Europe,Footwear,6486079.01,813366.33,117612,0.75,3.96,230405
2023-02,Europe,Apparel,5405074.84,1069380.91,72839,0.67,5.69,785457
2023-02,Europe,Accessories,3138737.9,499788.93,36169,0.84,5.14,181260
2023-02,Europe,Equipment,8517722.46,835733.46,124071,0.84,3.16,631803
2023-02,Asia-Pacific,Footwear,7098079.26,372565.22,70132,0.76,3.7,721843
2023-02,Asia-Pacific,Apparel,4480618.12,853600.31,70281,0.58,4.36,202126
2023-02,Asia-Pacific,Accessories,9322242.56,1692927.67,122994,0.8,5.22,576685
2023-02,Asia-Pacific,Equipment,3176670.62,203197.06,22735,0.75,6.6,669791
2023-02,Latin America,Footwear,4051268.12,414774.65,33045,0.76,3.34,245465
2023-02,Latin America,Apparel,9086987.7,1280941.4,178457,0.82,3.41,697151
2023-02,Latin America,Accessories,1045554.25,77497.74,9969,0.8,3.9,740961
2023-02,Latin America,Equipment,3135241.79,309793.1,25152,0.83,5.6,864301
2023-02,Middle East & Africa,Footwear,6918516.03,935703.63,116537,0.56,3.98,975709
2023-02,Middle East & Africa,Apparel,4537879.52,834093.95,40117,0.62,6.18,552373
2023-02,Middle East & Africa,Accessories,6192134.96,767067.15,89064,0.6,3.1,680925
2023-02,Middle East & Africa,Equipment,2593996.11,495631.69,17841,0.8,6.66,433142
2023-03,North America,Footwear,1139109.55,215573.96,12272,0.65,4.54,866023
2023-03,North America,Apparel,3852298.05,290555.39,36452,0.78,6.74,726426
2023-03,North America,Accessories,6130550.53,395889.34,54982,0.81,5.96,727314
2023-03,North America,Equipment,7322356.76,760966.21,92268,0.71,6.24,829102
2023-03,Europe,Footwear,8803650.87,1646160.19,87049,0.84,5.6,731770
2023-03,Europe,Apparel,8162134.02,1497758.13,97400,0.7,4.5,184583
2023-03,Europe,Accessories,6204521.27,343676.75,64255,0.52,5.36,127450
2023-03,Europe,Equipment,1336133.7,231672.33,15532,0.74,3.51,570018
2023-03,Asia-Pacific,Footwear,7929941.98,653214.33,70620,0.94,5.55,753482
2023-03,Asia-Pacific,Apparel,9782668.72,1246752.73,118872,0.88,6.18,343749
2023-03,Asia-Pacific,Accessories,4950742.79,305799.74,94236,0.62,3.69,240793
2023-03,Asia-Pacific,Equipment,3252186.08,430537.4,26775,0.87,5.64,351940
2023-03,Latin America,Footwear,9593787.53,1541573.31,90992,0.57,3.99,420375
2023-03,Latin America,Apparel,7820614.99,407915.64,126943,0.88,3.18,136655
2023-03,Latin America,Accessories,8699145.26,1353140.55,89297,0.7,4.89,255881
2023-03,Latin America,Equipment,4904664.84,538413.07,43954,0.61,5.54,140773
2023-03,Middle East & Africa,Footwear,4371513.53,628968.94,43578,0.74,3.65,163511
2023-03,Middle East & Africa,Apparel,6781773.5,366057.73,62460,0.79,6.76,617926
2023-03,Middle East & Africa,Accessories,4493529.34,658271.64,46892,0.77,4.54,965071
2023-03,Middle East & Africa,Equipment,9148155.78,726076.96,160674,0.71,3.4,116399
2023-04,North America,Footwear,1849986.65,282032.34,32388,0.79,3.09,833021
2023-04,North America,Apparel,3536692.97,239521.56,29552,0.65,5.52,889724
2023-04,North America,Accessories,7615639.39,1298635.12,97382,0.76,6.23,991454
2023-04,North America,Equipment,4713559.09,498707.34,36928,0.63,4.36,937681
2023-04,Europe,Footwear,8725714.77,997777.67,69757,0.66,6.61,554727
2023-04,Europe,Apparel,8438117.19,826998.27,60465,0.73,4.56,109753
2023-04,Europe,Accessories,9148437.79,582691.46,111659,0.89,4.79,363889
2023-04,Europe,Equipment,3957980.91,597171.33,31603,0.81,6.17,810656
2023-04,Asia-Pacific,Footwear,1820854.93,226082.89,32657,0.49,6.55,415823
2023-04,Asia-Pacific,Apparel,2053603.15,146727.38,16278,0.88,5.47,191010
2023-04,Asia-Pacific,Accessories,1756961.26,272584.4,30675,0.76,3.33,176353
2023-04,Asia-Pacific,Equipment,9879756.21,1048643.44,113476,0.79,6.25,952523
2023-04,Latin America,Footwear,9874009.57,1609529.99,112683,0.5,6.63,200077
2023-04,Latin America,Apparel,5433625.94,280935.02,56094,0.86,3.23,206936
2023-04,Latin America,Accessories,2057736.22,303272.34,16514,0.75,4.5,357140
2023-04,Latin America,Equipment,8817392.15,736599.44,60260,0.71,3.05,972890
2023-04,Middle East & Africa,Footwear,1388439.21,255016.67,13510,0.75,5.09,666458
2023-04,Middle East & Africa,Apparel,7261738.2,858200.64,64402,0.71,5.34,911042
2023-04,Middle East & Africa,Accessories,1409017.42,129833.18,9714,0.69,5.48,349643
2023-04,Middle East & Africa,Equipment,2693090.44,321971.78,31558,0.8,5.33,169961
2023-05,North America,Footwear,9769553.27,1933703.42,81537,0.51,6.26,716258
2023-05,North America,Apparel,2463552.45,459795.16,18627,0.74,6.8,753147
2023-05,North America,Accessories,6520736.76,735124.75,45512,0.69,6.24,988548
2023-05,North America,Equipment,2353752.02,327453.06,26720,0.67,6.88,857907
2023-05,Europe,Footwear,8544958.34,1027992.45,93405,0.69,6.46,831610
2023-05,Europe,Apparel,9997459.06,1994448.35,94723,0.69,6.08,950289
2023-05,Europe,Accessories,8646826.52,753157.74,90967,0.56,5.69,656315
2023-05,Europe,Equipment,4223464.46,283114.19,36049,0.75,5.08,795086
2023-05,Asia-Pacific,Footwear,5681471.51,1010320.31,54011,0.8,4.61,220613
2023-05,Asia-Pacific,Apparel,1259044.09,205564.87,11238,0.72,5.82,291667
2023-05,Asia-Pacific,Accessories,2227343.28,116226.56,26185,0.53,4.75,913742
2023-05,Asia-Pacific,Equipment,4134299.2,525462.91,32207,0.84,4.59,659878
2023-05,Latin America,Footwear,8761273.38,1685915.13,135398,0.7,4.03,513222
2023-05,Latin America,Apparel,9820293.18,1216662.78,118495,0.78,5.53,316131
2023-05,Latin America,Accessories,1682769.95,116669.74,26793,0.59,4.38,907109
2023-05,Latin America,Equipment,5265654.76,790552.03,78320,0.75,3.77,136781
2023-05,Middle East & Africa,Footwear,2520415.57,231345.29,37228,0.56,4.46,553075
2023-05,Middle East & Africa,Apparel,7213553.46,403214.71,55514,0.68,5.51,173583
2023-05,Middle East & Africa,Accessories,8862207.62,1667254.74,157949,0.79,5.99,266068
2023-05,Middle East & Africa,Equipment,2884143.91,304481.42,29294,0.64,5.47,432022
2023-06,North America,Footwear,5162812.45,836998.46,96198,0.79,6.58,560509
2023-06,North America,Apparel,5789021.37,382514.23,61103,0.6,5.13,318223
2023-06,North America,Accessories,3423189.08,364886.71,65821,0.59,4.31,207785
2023-06,North America,Equipment,9014745.53,1253400.01,76454,0.63,6.16,548597
2023-06,Europe,Footwear,1782282.59,232705.48,16398,0.66,3.51,355398
2023-06,Europe,Apparel,4267740.67,626878.13,39856,0.86,4.42,987863
2023-06,Europe,Accessories,6451973.37,552185.81,107214,0.65,3.64,267910
2023-06,Europe,Equipment,3565856.52,271026.63,25529,0.64,3.32,572060
2023-06,Asia-Pacific,Footwear,4693571.44,926308.2,76687,0.74,6.46,835364
2023-06,Asia-Pacific,Apparel,3321125.44,251187.14,28418,0.69,6.72,601086
2023-06,Asia-Pacific,Accessories,6144514.21,565276.04,48401,0.64,4.7,556849
2023-06,Asia-Pacific,Equipment,3181687.59,213890.61,28647,0.6,4.15,623114
2023-06,Latin America,Footwear,2389264.44,291898.86,23138,0.69,3.54,157037
2023-06,Latin America,Apparel,9909642.09,974643.79,75653,0.66,4.02,713352
2023-06,Latin America,Accessories,7842050.74,1092756.92,80714,0.52,6.72,847557
2023-06,Latin America,Equipment,9685242.2,664839.42,78686,0.6,6.75,263109
2023-06,Middle East & Africa,Footwear,1598466.41,257621.79,14876,0.69,6.18,281464
2023-06,Middle East & Africa,Apparel,2472903.49,184577.19,18811,0.71,5.66,570758
2023-06,Middle East & Africa,Accessories,4229474.36,767988.3,47391,0.67,4.51,516411
2023-06,Middle East & Africa,Equipment,3712400.87,601933.9,37023,0.83,3.93,909617
2023-07,North America,Footwear,4455020.99,585981.96,31675,0.61,6.76,664937
2023-07,North America,Apparel,4014150.53,284566.39,31020,0.73,5.48,580114
2023-07,North America,Accessories,9045033.25,1522184.86,138796,0.59,5.98,130179
2023-07,North America,Equipment,6129007.16,1007417.57,44517,0.62,4.37,839131
2023-07,Europe,Footwear,1995685.63,353172.18,31804,0.83,3.6,306326
2023-07,Europe,Apparel,7500273.12,1185084.26,65725,0.66,5.78,588451
2023-07,Europe,Accessories,3266191.53,332675.98,47919,0.72,4.6,515805
2023-07,Europe,Equipment,9525550.06,695390.97,87693,0.78,5.02,650308
2023-07,Asia-Pacific,Footwear,1162991.65,210290.51,8120,0.88,6.69,736514
2023-07,Asia-Pacific,Apparel,2372851.39,323759.56,21440,0.76,4.7,762799
2023-07,Asia-Pacific,Accessories,9409303.13,1776808.36,98957,0.95,4.6,149285
2023-07,Asia-Pacific,Equipment,4016775.17,684571.03,79598,0.75,4.33,458351
2023-07,Latin America,Footwear,5836560.43,1097146.96,68961,0.83,4.81,302144
2023-07,Latin America,Apparel,5071955.65,360760.87,74986,0.62,4.99,477032
2023-07,Latin America,Accessories,9233613.11,963611.41,85449,0.6,6.84,233796
2023-07,Latin America,Equipment,4731617.11,297157.15,31609,0.75,5.01,635846
2023-07,Middle East & Africa,Footwear,1603688.3,260589.84,22590,0.69,3.76,132894
2023-07,Middle East & Africa,Apparel,5248602.51,707124.11,92779,0.72,6.1,507959
2023-07,Middle East & Africa,Accessories,5719512.42,664117.82,63496,0.58,3.73,875607
2023-07,Middle East & Africa,Equipment,9515039.16,1008559.87,123452,0.72,5.58,467860
2023-08,North America,Footwear,1228477.2,90198.35,10102,0.69,3.89,307967
2023-08,North America,Apparel,7047034.69,373186.86,116651,0.7,6.2,260690
2023-08,North America,Accessories,6874714.97,589351.56,114685,0.78,6.42,847197
2023-08,North America,Equipment,4574651.77,687171.12,64890,0.61,4.17,906702
2023-08,Europe,Footwear,1117017.31,70178.04,15779,0.53,6.57,835699
2023-08,Europe,Apparel,4076356.17,362443.16,46338,0.88,5.36,341257
2023-08,Europe,Accessories,6617340.17,737249.43,62899,0.52,6.79,787245
2023-08,Europe,Equipment,2261018.58,407594.26,22897,0.65,6.58,819869
2023-08,Asia-Pacific,Footwear,4826921.54,257614.72,62795,0.92,4.03,225420
2023-08,Asia-Pacific,Apparel,8514372.13,1682953.58,83011,0.77,3.69,345076
2023-08,Asia-Pacific,Accessories,1165516.09,218120.3,18867,0.54,5.22,686278
2023-08,Asia-Pacific,Equipment,8467676.23,685570.09,165709,0.76,3.55,910016
2023-08,Latin America,Footwear,8865010.7,1237661.57,80553,0.6,6.66,476893
2023-08,Latin America,Apparel,4448246.75,568653.44,81325,0.75,3.67,764230
2023-08,Latin America,Accessories,1745188.01,245151.47,23414,0.55,4.42,747141
2023-08,Latin America,Equipment,3674095.44,495858.48,37642,0.62,5.65,943146
2023-08,Middle East & Africa,Footwear,7593148.87,624468.59,142947,0.76,3.21,546729
2023-08,Middle East & Africa,Apparel,6371585.64,638028.82,50133,0.55,3.43,167624
2023-08,Middle East & Africa,Accessories,7553698.81,939103.77,63561,0.54,6.28,819474
2023-08,Middle East & Africa,Equipment,7252268.24,658663.84,66520,0.66,4.44,182423
2023-09,North America,Footwear,9255822.18,652746.45,63822,0.57,5.17,885651
2023-09,North America,Apparel,7590023.98,1297773.97,65499,0.68,5.77,864276
2023-09,North America,Accessories,3247012.08,400725.92,45021,0.78,3.14,727678
2023-09,North America,Equipment,3676141.07,693538.68,24989,0.71,6.78,526792
2023-09,Europe,Footwear,8758383.86,1547452.37,106926,0.56,3.48,169257
2023-09,Europe,Apparel,7266598.98,733790.21,59330,0.75,3.26,383761
2023-09,Europe,Accessories,5855421.63,987273.71,71516,0.79,5.46,309663
2023-09,Europe,Equipment,1219607.03,220157.16,23396,0.73,6.5,576043
2023-09,Asia-Pacific,Footwear,9451609.29,1605048.52,63097,0.82,4.61,531888
2023-09,Asia-Pacific,Apparel,6647549.17,1203549.19,44792,0.63,6.07,475990
2023-09,Asia-Pacific,Accessories,4792213.02,769808.38,64866,0.67,4.15,366677
2023-09,Asia-Pacific,Equipment,3102469.76,174712.42,59907,0.62,6.95,484995
2023-09,Latin America,Footwear,4458939.82,677522.94,62080,0.68,6.52,950258
2023-09,Latin America,Apparel,5206613.6,739400.09,78056,0.62,6.96,308504
2023-09,Latin America,Accessories,9484585.97,1398473.72,85621,0.54,3.71,298437
2023-09,Latin America,Equipment,2677944.36,447049.79,31500,0.71,3.23,972192
2023-09,Middle East & Africa,Footwear,8954072.96,1693777.89,59897,0.66,6.03,726418
2023-09,Middle East & Africa,Apparel,2385063.16,411125.19,32922,0.58,3.9,583276
2023-09,Middle East & Africa,Accessories,6336459.41,868176.88,107127,0.66,3.52,899873
2023-09,Middle East & Africa,Equipment,9600863.48,1721618.61,73316,0.76,5.62,595771
2023-10,North America,Footwear,1782880.84,198377.55,20429,0.79,4.98,172941
2023-10,North America,Apparel,2981648.82,454668.09,51752,0.6,6.4,545631
2023-10,North America,Accessories,5325279.2,739474.49,40200,0.83,5.26,340325
2023-10,North America,Equipment,8907669.88,1510864.66,76892,0.59,6.4,880564
2023-10,Europe,Footwear,7375266.79,1294742.83,61590,0.8,6.01,242744
2023-10,Europe,Apparel,8927836.83,1613943.36,168689,0.85,6.3,215982
2023-10,Europe,Accessories,4016069.69,648700.63,60779,0.74,5.03,105747
2023-10,Europe,Equipment,3583343.2,510766.29,24192,0.74,5.53,333823
2023-10,Asia-Pacific,Footwear,6706051.33,878478.02,52397,0.73,5.17,966692
2023-10,Asia-Pacific,Apparel,4076849.49,590708.11,28469,0.66,3.41,943505
2023-10,Asia-Pacific,Accessories,7190971.5,432720.73,89779,0.66,5.33,411294
2023-10,Asia-Pacific,Equipment,6588239.66,374615.91,48035,0.72,6.89,971990
2023-10,Latin America,Footwear,7746866.49,538507.43,61567,0.69,6.08,714965
2023-10,Latin America,Apparel,5013124.36,456414.89,33485,0.5,4.7,506248
2023-10,Latin America,Accessories,2472614.39,418419.35,20714,0.81,4.09,955777
2023-10,Latin America,Equipment,2359521.03,270991.51,16344,0.83,4.68,674673
2023-10,Middle East & Africa,Footwear,4578349.58,417235.44,30851,0.79,3.92,291794
2023-10,Middle East & Africa,Apparel,1280206.75,189150.58,14739,0.68,6.46,525888
2023-10,Middle East & Africa,Accessories,9713740.85,756009.06,70974,0.77,6.38,784921
2023-10,Middle East & Africa,Equipment,6635982.89,462439.96,124613,0.77,6.68,654985
2023-11,North America,Footwear,8168835.62,998463.32,132329,0.74,4.72,280472
2023-11,North America,Apparel,5424350.92,323461.32,50133,0.62,4.08,817803
2023-11,North America,Accessories,3793257.63,448677.98,74142,0.68,4.92,640018
2023-11,North America,Equipment,3624963.21,559140.73,26651,0.63,6.12,135656
2023-11,Europe,Footwear,5324562.53,350034.22,71755,0.94,5.81,603683
2023-11,Europe,Apparel,1087937.63,107672.31,10690,0.7,3.35,415564
2023-11,Europe,Accessories,1298827.98,80250.39,14480,0.72,5.76,820528
2023-11,Europe,Equipment,2801352.2,210444.27,46336,0.59,5.55,735828
2023-11,Asia-Pacific,Footwear,1284275.3,244566.9,23267,0.88,6.48,742678
2023-11,Asia-Pacific,Apparel,8215552.75,829093.28,62483,0.74,3.32,905334
2023-11,Asia-Pacific,Accessories,5928331.39,1023198.37,62251,0.74,5.93,173466
2023-11,Asia-Pacific,Equipment,1543168.76,134356.74,23397,0.92,6.49,297292
2023-11,Latin America,Footwear,9782787.3,983506.35,143417,0.76,4.99,599827
2023-11,Latin America,Apparel,7472816.0,629720.84,49940,0.81,6.9,685293
2023-11,Latin America,Accessories,2795882.06,425069.79,48862,0.81,5.91,768435
2023-11,Latin America,Equipment,4829440.01,492072.84,55444,0.69,6.95,136098
2023-11,Middle East & Africa,Footwear,8803283.47,1204300.72,93790,0.69,6.49,910631
2023-11,Middle East & Africa,Apparel,4795488.34,438903.09,43900,0.88,6.65,289595
2023-11,Middle East & Africa,Accessories,6606699.25,956214.23,53577,0.74,6.64,261714
2023-11,Middle East & Africa,Equipment,3137889.92,614114.13,46079,0.63,6.42,543050
2023-12,North America,Footwear,3225079.67,582489.65,34116,0.48,5.37,247171
2023-12,North America,Apparel,4519733.83,883209.54,59616,0.72,5.63,392671
2023-12,North America,Accessories,7961258.13,554350.76,54164,0.54,3.29,252782
2023-12,North America,Equipment,5677965.54,570922.14,42727,0.67,4.72,323842
2023-12,Europe,Footwear,6554304.88,1022580.25,98259,0.78,4.9,859753
2023-12,Europe,Apparel,8251031.38,1137018.15,60302,0.82,3.82,200727
2023-12,Europe,Accessories,3427746.5,200739.22,33241,0.69,6.74,384540
2023-12,Europe,Equipment,5565113.28,312959.31,85835,0.6,6.95,968606
2023-12,Asia-Pacific,Footwear,1044459.83,201342.37,9169,0.69,5.06,539961
2023-12,Asia-Pacific,Apparel,7001778.32,496759.99,132115,0.81,4.23,734212
2023-12,Asia-Pacific,Accessories,2816681.07,425360.71,19162,0.73,4.78,881328
2023-12,Asia-Pacific,Equipment,2594348.11,399254.33,19388,0.63,6.78,714923
2023-12,Latin America,Footwear,5474572.88,781096.11,39992,0.66,6.72,720574
2023-12,Latin America,Apparel,7088620.47,583756.92,61167,0.71,4.58,686109
2023-12,Latin America,Accessories,1959337.27,291307.99,13067,0.8,6.13,610314
2023-12,Latin America,Equipment,7646042.88,1389877.29,84566,0.67,4.31,700834
2023-12,Middle East & Africa,Footwear,8270613.48,1359215.53,63727,0.83,3.48,590040
2023-12,Middle East & Africa,Apparel,1051827.94,103802.66,12139,0.67,4.58,725920
2023-12,Middle East & Africa,Accessories,4497022.91,527518.97,60972,0.57,3.29,643103
2023-12,Middle East & Africa,Equipment,7013915.19,1002453.67,72796,0.64,4.52,877000
2024-01,North America,Footwear,5671736.07,691255.77,107901,0.58,4.6,622155
2024-01,North America,Apparel,5802422.92,819219.51,45873,0.55,6.25,746310
2024-01,North America,Accessories,9599713.26,506239.8,137970,0.67,6.71,154240
2024-01,North America,Equipment,9409924.24,966807.64,156461,0.74,4.94,331098
2024-01,Europe,Footwear,3563856.12,342463.39,27350,0.51,5.44,744535
2024-01,Europe,Apparel,3453616.01,386916.77,55534,0.74,3.72,713006
2024-01,Europe,Accessories,2632945.13,339056.21,21777,0.72,4.03,966634
2024-01,Europe,Equipment,5351910.82,914635.58,50959,0.61,3.17,669836
2024-01,Asia-Pacific,Footwear,9562630.08,1341080.2,72488,0.67,3.85,649882
2024-01,Asia-Pacific,Apparel,4699256.23,826971.33,33565,0.74,4.41,313183
2024-01,Asia-Pacific,Accessories,8024729.64,732023.1,60673,0.88,3.38,661473
2024-01,Asia-Pacific,Equipment,5065909.11,699051.23,75835,0.62,5.95,876517
2024-01,Latin America,Footwear,2950658.2,189896.05,56349,0.82,5.19,308752
2024-01,Latin America,Apparel,4518153.96,628798.04,45328,0.86,6.95,222795
2024-01,Latin America,Accessories,7256300.99,802893.85,78176,0.8,6.97,215554
2024-01,Latin America,Equipment,1936986.84,307304.56,17961,0.81,4.1,171477
2024-01,Middle East & Africa,Footwear,1770924.25,326077.86,25596,0.59,4.42,162481
2024-01,Middle East & Africa,Apparel,5671538.12,341096.99,43615,0.63,3.93,586010
2024-01,Middle East & Africa,Accessories,8920711.79,1316979.0,86360,0.58,5.68,994725
2024-01,Middle East & Africa,Equipment,6956552.71,929865.1,56527,0.58,4.86,154128
2024-02,North America,Footwear,6060671.34,1173611.38,89747,0.6,5.14,187008
2024-02,North America,Apparel,5053338.43,825839.3,59621,0.76,5.66,815904
2024-02,North America,Accessories,9344600.38,796125.49,103907,0.71,6.37,568862
2024-02,North America,Equipment,6612271.19,419010.8,52676,0.78,3.51,843460
2024-02,Europe,Footwear,8038252.79,1256473.0,149922,0.59,4.44,178878
2024-02,Europe,Apparel,9432620.41,1255201.97,117099,0.61,4.59,502482
2024-02,Europe,Accessories,6405349.0,815733.46,45127,0.73,6.41,287659
2024-02,Europe,Equipment,9375356.93,632414.32,71162,0.7,4.52,890176
2024-02,Asia-Pacific,Footwear,8812510.21,1505959.38,68312,0.65,4.61,256172
2024-02,Asia-Pacific,Apparel,7254559.8,739348.16,49163,0.68,5.56,840232
2024-02,Asia-Pacific,Accessories,2192722.05,393159.83,15411,0.95,6.06,257354
2024-02,Asia-Pacific,Equipment,5523094.69,606432.78,85447,0.67,4.47,161355
2024-02,Latin America,Footwear,1232307.16,86600.32,8422,0.75,4.73,380634
2024-02,Latin America,Apparel,5555276.77,644005.2,91721,0.71,5.56,294434
2024-02,Latin America,Accessories,6576291.59,970201.38,100859,0.63,6.98,152002
2024-02,Latin America,Equipment,7255317.06,1433301.23,98153,0.69,3.57,209246
2024-02,Middle East & Africa,Footwear,3729476.33,243001.01,31283,0.7,6.99,832573
2024-02,Middle East & Africa,Apparel,6536974.94,627144.58,58163,0.63,5.11,483475
2024-02,Middle East & Africa,Accessories,2176393.39,398259.6,22914,0.65,4.66,844784
2024-02,Middle East & Africa,Equipment,7602529.43,1257425.94,148768,0.58,4.66,533209
2024-03,North America,Footwear,1172730.49,104340.16,9305,0.71,3.86,110908
2024-03,North America,Apparel,3170813.12,622687.65,24362,0.59,6.84,539068
2024-03,North America,Accessories,1987625.79,262752.05,20826,0.58,4.3,763621
2024-03,North America,Equipment,5284163.16,562146.41,59075,0.7,4.84,806514
2024-03,Europe,Footwear,9028762.2,1745261.57,70158,0.81,4.75,329203
2024-03,Europe,Apparel,8567844.21,477776.86,61121,0.59,4.85,673481
2024-03,Europe,Accessories,6934185.3,1277746.11,61004,0.64,5.07,235152
2024-03,Europe,Equipment,7636903.92,968613.64,64707,0.72,3.17,176312
2024-03,Asia-Pacific,Footwear,7446910.49,452866.36,130360,0.62,4.19,414732
2024-03,Asia-Pacific,Apparel,7971881.78,1189449.34,116344,0.83,3.7,188556
2024-03,Asia-Pacific,Accessories,6942724.48,1143160.54,90749,0.76,4.53,285118
2024-03,Asia-Pacific,Equipment,2092477.76,297659.03,16416,0.83,5.58,577271
2024-03,Latin America,Footwear,1377561.01,269000.91,10607,0.85,5.99,830592
2024-03,Latin America,Apparel,6908307.47,478154.09,82411,0.88,6.71,302154
2024-03,Latin America,Accessories,4349503.21,499373.13,46300,0.76,3.96,209351
2024-03,Latin America,Equipment,2777234.41,508341.47,24238,0.71,4.14,834352
2024-03,Middle East & Africa,Footwear,8752329.97,1548962.42,61682,0.78,4.84,857798
2024-03,Middle East & Africa,Apparel,7556416.09,1257894.8,65357,0.62,3.71,590524
2024-03,Middle East & Africa,Accessories,9862027.66,1879783.44,181563,0.69,5.9,836006
2024-03,Middle East & Africa,Equipment,2921602.3,367765.17,21791,0.69,5.93,588013
2024-04,North America,Footwear,6313129.21,797058.33,79156,0.88,6.49,672662
2024-04,North America,Apparel,7850093.83,580991.29,81639,0.76,3.04,322010
2024-04,North America,Accessories,7538155.44,1498370.41,125808,0.83,3.82,599576
2024-04,North America,Equipment,7597641.66,1081887.59,110426,0.66,4.42,805412
2024-04,Europe,Footwear,5988038.63,304099.2,47486,0.56,3.6,375043
2024-04,Europe,Apparel,8889856.86,1773083.29,102381,0.59,4.79,749863
2024-04,Europe,Accessories,8975762.02,1247241.82,100678,0.87,3.01,657630
2024-04,Europe,Equipment,4199437.09,710249.11,70817,0.62,5.35,532875
2024-04,Asia-Pacific,Footwear,6780929.73,405011.64,62787,0.89,5.41,708821
2024-04,Asia-Pacific,Apparel,8244901.0,745941.82,62223,0.89,4.99,169352
2024-04,Asia-Pacific,Accessories,1526958.36,152903.12,11883,0.79,5.07,496179
2024-04,Asia-Pacific,Equipment,2327072.74,230912.9,24914,0.77,3.35,298550
2024-04,Latin America,Footwear,6384027.65,1023675.43,42607,0.72,4.68,672559
2024-04,Latin America,Apparel,8070864.56,546804.53,88700,0.76,6.36,445449
2024-04,Latin America,Accessories,6146850.44,849282.08,89803,0.56,3.1,121772
2024-04,Latin America,Equipment,8485273.39,771825.74,83345,0.58,4.19,946611
2024-04,Middle East & Africa,Footwear,3333670.83,381533.7,24284,0.66,6.21,512368
2024-04,Middle East & Africa,Apparel,5346719.85,374388.0,92089,0.74,5.91,546815
2024-04,Middle East & Africa,Accessories,4931656.32,786235.4,38969,0.74,3.54,776237
2024-04,Middle East & Africa,Equipment,6912596.41,1337533.44,121495,0.59,3.23,353968
2024-05,North America,Footwear,3355351.15,292072.65,23860,0.62,6.04,504765
2024-05,North America,Apparel,7990395.01,477864.96,80909,0.61,3.13,156387
2024-05,North America,Accessories,9157937.08,649176.91,88703,0.52,6.6,119641
2024-05,North America,Equipment,6974107.18,1356527.77,65783,0.6,6.75,147032
2024-05,Europe,Footwear,4769139.87,424566.33,38747,0.59,5.26,517539
2024-05,Europe,Apparel,9748047.97,1377195.36,114749,0.76,3.46,236122
2024-05,Europe,Accessories,3027852.37,265376.12,22418,0.8,3.46,874125
2024-05,Europe,Equipment,7505328.73,451447.43,62138,0.97,5.17,173552
2024-05,Asia-Pacific,Footwear,5124705.77,628824.17,76973,0.66,4.65,685876
2024-05,Asia-Pacific,Apparel,5908886.82,350639.05,58359,0.9,6.23,513315
2024-05,Asia-Pacific,Accessories,1467609.2,246472.83,20925,0.63,4.32,781076
2024-05,Asia-Pacific,Equipment,5674472.74,458112.62,41184,0.65,6.52,883520
2024-05,Latin America,Footwear,3149165.9,370612.43,21206,0.69,6.64,584831
2024-05,Latin America,Apparel,5480312.57,360719.96,47375,0.63,6.29,442378
2024-05,Latin America,Accessories,7980506.66,1553577.19,113397,0.52,6.17,619834
2024-05,Latin America,Equipment,6711241.76,1138811.31,74904,0.72,6.66,579725
2024-05,Middle East & Africa,Footwear,2421593.41,373857.38,18724,0.78,6.62,349214
2024-05,Middle East & Africa,Apparel,9851693.25,700521.68,140334,0.66,3.74,904590
2024-05,Middle East & Africa,Accessories,6888632.97,501600.24,73258,0.63,6.53,823243
2024-05,Middle East & Africa,Equipment,5546860.96,1082020.58,60439,0.72,6.94,701127
2024-06,North America,Footwear,6712041.46,502686.49,48570,0.58,3.05,603780
2024-06,North America,Apparel,5746596.6,907405.09,41334,0.67,3.32,758346
2024-06,North America,Accessories,2686707.5,480185.98,20368,0.88,4.26,524051
2024-06,North America,Equipment,8394732.08,998047.85,97863,0.74,4.98,845424
2024-06,Europe,Footwear,4016872.43,305540.34,33142,0.64,4.39,505315
2024-06,Europe,Apparel,7739437.03,1142899.21,69044,0.66,4.41,857302
2024-06,Europe,Accessories,5241584.51,1031888.42,46216,0.74,4.3,717694
2024-06,Europe,Equipment,1626770.33,124012.31,11999,0.62,3.91,853337
2024-06,Asia-Pacific,Footwear,3513484.8,514487.61,29422,0.51,3.85,129870
2024-06,Asia-Pacific,Apparel,3735517.61,552761.05,25971,0.71,6.48,789458
2024-06,Asia-Pacific,Accessories,8096026.09,1212361.57,106486,0.73,5.24,199890
2024-06,Asia-Pacific,Equipment,5023499.89,598066.45,36813,0.77,5.19,442360
2024-06,Latin America,Footwear,9791202.96,652173.32,106132,0.68,6.43,362996
2024-06,Latin America,Apparel,9196931.45,1499966.96,70479,0.74,3.07,966529
2024-06,Latin America,Accessories,7540038.93,721677.21,56717,0.77,3.45,733317
2024-06,Latin America,Equipment,5866286.29,378259.14,79071,0.66,3.05,521891
2024-06,Middle East & Africa,Footwear,3711387.35,518679.83,46553,0.81,3.19,912605
2024-06,Middle East & Africa,Apparel,8670374.87,1302036.29,79310,0.61,6.57,266797
2024-06,Middle East & Africa,Accessories,1710722.46,146996.44,13214,0.71,6.98,870126
2024-06,Middle East & Africa,Equipment,5693011.2,338996.82,42760,0.65,5.4,203439
2024-07,North America,Footwear,1844715.56,343936.19,15777,0.77,4.72,385251
2024-07,North America,Apparel,4911363.65,815688.84,44570,0.97,6.57,499042
2024-07,North America,Accessories,6463806.21,935287.76,59208,0.6,5.05,193802
2024-07,North America,Equipment,4460601.95,549323.4,38712,0.78,6.8,640585
2024-07,Europe,Footwear,7692345.25,968773.26,67827,0.69,4.45,525244
2024-07,Europe,Apparel,1410838.71,100174.65,18161,0.68,6.89,398212
2024-07,Europe,Accessories,5338369.52,423944.78,48059,0.61,5.07,104955
2024-07,Europe,Equipment,1068976.29,88575.72,19916,0.63,3.43,404974
2024-07,Asia-Pacific,Footwear,8223271.12,1116780.22,81204,0.74,4.59,178383
2024-07,Asia-Pacific,Apparel,6553598.65,439587.6,77536,0.68,5.03,886800
2024-07,Asia-Pacific,Accessories,5441919.22,845341.28,36454,0.66,4.58,479645
2024-07,Asia-Pacific,Equipment,4699189.68,874714.92,38707,0.63,5.43,378435
2024-07,Latin America,Footwear,8414113.46,1626103.8,63685,0.71,5.75,203038
2024-07,Latin America,Apparel,4454549.95,527576.75,51257,0.64,3.48,477053
2024-07,Latin America,Accessories,7760602.43,470689.46,133761,0.75,5.67,710802
2024-07,Latin America,Equipment,4257279.92,591971.02,83454,0.68,5.54,921958
2024-07,Middle East & Africa,Footwear,6513161.22,1179239.03,53213,0.71,3.57,110535
2024-07,Middle East & Africa,Apparel,4798308.34,452269.86,48664,0.63,5.31,139365
2024-07,Middle East & Africa,Accessories,2107029.66,281912.9,24989,0.79,6.38,723243
2024-07,Middle East & Africa,Equipment,4869379.7,735008.49,62799,0.83,4.23,810086
2024-08,North America,Footwear,5017775.65,851802.8,37943,0.52,5.33,434055
2024-08,North America,Apparel,6409667.5,998868.99,53935,0.63,4.5,250174
2024-08,North America,Accessories,4874764.05,348005.12,35067,0.6,3.1,681240
2024-08,North America,Equipment,6732120.86,680554.31,117753,0.66,4.64,380095
2024-08,Europe,Footwear,7094085.76,999321.78,82051,0.89,3.56,537030
2024-08,Europe,Apparel,1247830.48,156999.87,8523,0.65,4.54,135096
2024-08,Europe,Accessories,1278602.12,138342.21,19372,0.52,6.6,204525
2024-08,Europe,Equipment,9603269.46,932429.52,69167,0.66,5.41,844036
2024-08,Asia-Pacific,Footwear,9856118.47,919189.65,67455,0.55,4.36,587266
2024-08,Asia-Pacific,Apparel,2387305.39,317647.03,22917,0.55,6.05,850284
2024-08,Asia-Pacific,Accessories,4963972.15,473314.68,65372,0.57,6.87,601937
2024-08,Asia-Pacific,Equipment,4125493.35,565481.95,64541,0.61,4.78,663610
2024-08,Latin America,Footwear,5400080.49,595449.7,36148,0.73,5.28,658594
2024-08,Latin America,Apparel,2811808.97,307248.23,52122,0.79,4.9,588722
2024-08,Latin America,Accessories,3049747.62,593494.08,21637,0.73,6.48,217587
2024-08,Latin America,Equipment,8114588.15,557659.83,62699,0.88,4.1,889381
2024-08,Middle East & Africa,Footwear,9496378.84,686772.38,98645,0.7,6.45,629858
2024-08,Middle East & Africa,Apparel,4377969.17,406571.2,62255,0.74,6.05,447886
2024-08,Middle East & Africa,Accessories,5601479.16,693736.6,51996,0.82,6.06,616176
2024-08,Middle East & Africa,Equipment,9604424.29,769037.56,157639,0.67,6.42,495234
2024-09,North America,Footwear,8622719.69,1586265.96,153304,0.69,5.04,663933
2024-09,North America,Apparel,9337443.46,493646.49,95587,0.8,5.75,750436
2024-09,North America,Accessories,7232791.88,507490.79,90478,0.81,4.12,289634
2024-09,North America,Equipment,9617032.17,493637.38,64206,0.65,5.71,845622
2024-09,Europe,Footwear,3651574.57,190419.72,29498,0.75,3.57,778085
2024-09,Europe,Apparel,7920305.04,1178391.52,62555,0.77,6.38,652243
2024-09,Europe,Accessories,1797442.43,221344.56,31116,0.54,3.26,413938
2024-09,Europe,Equipment,1998982.89,342296.4,13808,0.54,3.29,959603
2024-09,Asia-Pacific,Footwear,5703189.39,541431.44,98865,0.85,5.83,145203
2024-09,Asia-Pacific,Apparel,1656116.52,182886.59,20824,0.7,3.93,352904
2024-09,Asia-Pacific,Accessories,8231344.69,1558886.7,90943,0.67,4.91,303426
2024-09,Asia-Pacific,Equipment,6764284.38,1331530.22,61298,0.76,4.43,683035
2024-09,Latin America,Footwear,2106286.11,386079.85,20998,0.92,5.5,164598
2024-09,Latin America,Apparel,7143554.99,616415.59,58845,0.57,6.29,823562
2024-09,Latin America,Accessories,5972508.71,764633.32,92902,0.63,4.99,355846
2024-09,Latin America,Equipment,2204455.27,318397.53,39767,0.79,5.99,385828
2024-09,Middle East & Africa,Footwear,1001212.24,126822.92,18308,0.8,3.25,855404
2024-09,Middle East & Africa,Apparel,1034379.3,90015.39,8335,0.6,4.27,191703
2024-09,Middle East & Africa,Accessories,4242105.27,384160.78,31593,0.8,6.57,490435
2024-09,Middle East & Africa,Equipment,9189488.29,979578.39,62766,0.63,3.36,718317
2024-10,North America,Footwear,5444326.36,588789.31,48064,0.75,5.67,969442
2024-10,North America,Apparel,7849340.11,1511907.76,65272,0.62,4.19,194828
2024-10,North America,Accessories,8036414.77,1178318.29,146600,0.74,5.0,489456
2024-10,North America,Equipment,5119296.45,416364.71,58930,0.69,4.48,147119
2024-10,Europe,Footwear,7908108.66,889469.78,59811,0.66,5.63,525053
2024-10,Europe,Apparel,8921410.64,734777.21,75745,0.75,5.43,365771
2024-10,Europe,Accessories,2229408.13,329386.05,17999,0.81,4.58,741886
2024-10,Europe,Equipment,2792937.47,512594.1,35469,0.56,4.47,152282
2024-10,Asia-Pacific,Footwear,2003609.91,255218.4,26102,0.55,3.08,211931
2024-10,Asia-Pacific,Apparel,4722784.07,585293.15,52226,0.59,5.12,635618
2024-10,Asia-Pacific,Accessories,1089314.39,130297.55,7443,0.9,4.25,796592
2024-10,Asia-Pacific,Equipment,7956293.34,1019952.31,53903,0.72,3.5,115252
2024-10,Latin America,Footwear,7931423.91,1356855.1,127883,0.8,5.07,413286
2024-10,Latin America,Apparel,4345653.65,218165.04,54334,0.63,5.59,976774
2024-10,Latin America,Accessories,8623547.44,461698.22,61660,0.77,4.83,458204
2024-10,Latin America,Equipment,3726241.56,223031.32,51168,0.77,3.99,535669
2024-10,Middle East & Africa,Footwear,7726999.66,935519.24,138515,0.75,3.3,429112
2024-10,Middle East & Africa,Apparel,3028431.41,240381.63,47259,0.71,5.49,803189
2024-10,Middle East & Africa,Accessories,6204685.59,447012.89,47323,0.57,5.7,333914
2024-10,Middle East & Africa,Equipment,4106729.88,770516.47,51950,0.86,4.88,901127
2024-11,North America,Footwear,7369492.15,437235.54,113849,0.59,6.83,576693
2024-11,North America,Apparel,3177039.65,397417.59,26932,0.68,3.3,347233
2024-11,North America,Accessories,8262689.42,982844.68,78949,0.64,3.66,500987
2024-11,North America,Equipment,2882669.19,165744.41,21454,0.69,6.92,813828
2024-11,Europe,Footwear,8684064.3,749404.96,59454,0.7,4.04,493296
2024-11,Europe,Apparel,6342048.42,386625.44,56507,0.73,6.92,271096
2024-11,Europe,Accessories,8133356.05,1514307.42,56336,0.7,6.91,781579
2024-11,Europe,Equipment,2455042.93,298373.68,20150,0.76,3.99,676553
2024-11,Asia-Pacific,Footwear,6999404.31,520790.41,65716,0.7,3.05,108134
2024-11,Asia-Pacific,Apparel,4213264.1,796008.24,57820,0.86,5.54,299868
2024-11,Asia-Pacific,Accessories,3895029.91,690223.89,31696,0.68,3.12,532801
2024-11,Asia-Pacific,Equipment,6961906.11,471845.93,88249,0.61,4.59,927577
2024-11,Latin America,Footwear,9939295.14,563922.76,78820,0.57,6.02,926583
2024-11,Latin America,Apparel,9558357.35,1305369.45,111516,0.54,6.15,325901
2024-11,Latin America,Accessories,6076666.26,630677.56,52537,0.63,6.67,191623
2024-11,Latin America,Equipment,5553621.17,461660.96,103049,0.64,3.14,257699
2024-11,Middle East & Africa,Footwear,8800933.19,812958.14,60676,0.55,5.32,565028
2024-11,Middle East & Africa,Apparel,7828986.28,723197.99,91776,0.9,6.58,951810
2024-11,Middle East & Africa,Accessories,9033024.05,1019983.78,70550,0.66,3.82,632017
2024-11,Middle East & Africa,Equipment,2675223.08,266812.58,19742,0.35,3.83,164042
2024-12,North America,Footwear,1621068.33,309814.82,16099,0.83,6.34,398971
2024-12,North America,Apparel,7242562.52,1199863.91,62725,0.66,3.61,888294
2024-12,North America,Accessories,5851850.97,540540.53,63247,0.77,3.22,975770
2024-12,North America,Equipment,3035127.98,290248.71,37753,0.44,3.92,101326
2024-12,Europe,Footwear,7564103.15,1475203.02,104434,0.82,6.39,480366
2024-12,Europe,Apparel,3726378.15,368144.81,30729,0.78,6.27,263452
2024-12,Europe,Accessories,4338469.07,803879.4,33201,0.85,5.64,170610
2024-12,Europe,Equipment,5900472.63,922822.85,88420,0.53,6.12,625395
2024-12,Asia-Pacific,Footwear,9569996.07,539396.99,125044,0.54,5.86,783104
2024-12,Asia-Pacific,Apparel,1922643.68,244326.04,19057,0.78,4.48,939632
2024-12,Asia-Pacific,Accessories,8447556.88,1305835.23,69565,0.78,5.78,756082
2024-12,Asia-Pacific,Equipment,8755218.13,797694.39,66983,0.69,3.78,410807
2024-12,Latin America,Footwear,4020494.09,791148.08,29637,0.81,5.25,952381
2024-12,Latin America,Apparel,5466328.78,585321.68,82444,0.79,6.14,760999
2024-12,Latin America,Accessories,4459195.35,239811.12,33302,0.69,3.94,734383
2024-12,Latin America,Equipment,8354153.28,1102452.06,56945,0.75,3.21,554316
2024-12,Middle East & Africa,Footwear,7466085.53,1339386.41,109915,0.72,4.59,218543
2024-12,Middle East & Africa,Apparel,8787661.83,646692.66,108518,0.84,4.16,884272
2024-12,Middle East & Africa,Accessories,7054326.95,1195724.01,93999,0.81,6.33,915478
2024-12,Middle East & Africa,Equipment,1109410.94,167635.31,20104,0.89,5.2,358869
